<?xml version="1.0" encoding="UTF-8"?><collection xmlns="http://www.loc.gov/MARC21/slim"><record><leader>00432nam--2200169-i-4500</leader><controlfield tag="001">000034326</controlfield><controlfield tag="002">20161230</controlfield><controlfield tag="005">20161230201040</controlfield><controlfield tag="008">060222s1000------------r-----000-0-eng-d</controlfield><datafield ind1=" " ind2=" " tag="040"><subfield code="a">IFIN-HH</subfield></datafield><datafield ind1=" " ind2=" " tag="080"><subfield code="a">531:536.7</subfield></datafield><datafield ind1="1" ind2=" " tag="100"><subfield code="a">Noll. W</subfield></datafield><datafield ind1="1" ind2="0" tag="245"><subfield code="a">The foundations of mechanics and thermodynamics</subfield><subfield code="c">W. Noll</subfield></datafield><datafield ind1=" " ind2=" " tag="260"><subfield code="a">Berlin, Springer-verlag, 1974</subfield></datafield><datafield ind1=" " ind2=" " tag="300"><subfield code="a">X + 324P</subfield></datafield><datafield ind1=" " ind2=" " tag="852"><subfield code="a">42972</subfield><subfield code="c">531</subfield></datafield><datafield ind1=" " ind2=" " tag="CAT"><subfield code="a">Sys</subfield><subfield code="c">20100628</subfield><subfield code="h">105410</subfield></datafield></record></collection>